<record><leader>00000cas a22000007a 4500</leader><controlfield tag="001">9629783</controlfield><controlfield tag="008">830621d1848185unyuwr ne      0    0eng d</controlfield><datafield ind1=" " ind2=" " tag="010"><subfield code="a">sn 83030682 </subfield></datafield><datafield ind1=" " ind2=" " tag="040"><subfield code="a">NPU</subfield><subfield code="b">eng</subfield><subfield code="c">NPU</subfield><subfield code="d">NYS</subfield><subfield code="d">YOX</subfield><subfield code="d">OCL</subfield><subfield code="d">OCLCQ</subfield><subfield code="d">OCLCG</subfield><subfield code="d">KRTAS</subfield><subfield code="d">OCLCF</subfield><subfield code="d">OCLCO</subfield></datafield><datafield ind1="1" ind2=" " tag="029"><subfield code="a">AU@</subfield><subfield code="b">000020126853</subfield></datafield><datafield ind1=" " ind2=" " tag="042"><subfield code="a">msc</subfield></datafield><datafield ind1="0" ind2="0" tag="245"><subfield code="a">Auburn weekly journal.</subfield></datafield><datafield ind1=" " ind2=" " tag="260"><subfield code="a">Auburn, N.Y. :</subfield><subfield code="b">Charles T. Ferris,</subfield></datafield><datafield ind1=" " ind2=" " tag="300"><subfield code="a">v. ;</subfield><subfield code="c">70 cm.</subfield></datafield><datafield ind1=" " ind2=" " tag="310"><subfield code="a">Weekly</subfield></datafield><datafield ind1="0" ind2=" " tag="362"><subfield code="a">Vol. 6, no. 7 (June 14, 1848)-</subfield></datafield><datafield ind1=" " ind2=" " tag="500"><subfield code="a">Editor: Henry Montgomery, &lt;1848&gt;.</subfield></datafield><datafield ind1=" " ind2=" " tag="500"><subfield code="a">Publishers: Charles T. Ferris, &lt;1848&gt;; Knapp &amp; Peck, &lt;1850-1856&gt;.</subfield></datafield><datafield ind1=" " ind2="0" tag="651"><subfield code="a">Auburn (N.Y.)</subfield><subfield code="v">Newspapers.</subfield></datafield><datafield ind1=" " ind2="7" tag="655"><subfield code="a">Newspapers.</subfield><subfield code="2">fast</subfield><subfield code="0">(OCoLC)fst01423814</subfield></datafield><datafield ind1=" " ind2="7" tag="651"><subfield code="a">New York (State)</subfield><subfield code="z">Auburn.</subfield><subfield code="2">fast</subfield><subfield code="0">(OCoLC)fst01210382</subfield></datafield><datafield ind1="1" ind2=" " tag="700"><subfield code="a">Montgomery, Henry,</subfield><subfield code="d">1848-1919,</subfield><subfield code="e">ed.</subfield></datafield><datafield ind1=" " ind2=" " tag="752"><subfield code="a">United States</subfield><subfield code="b">New York</subfield><subfield code="c">Cayuga</subfield><subfield code="d">Auburn.</subfield></datafield><datafield ind1="0" ind2=" " tag="775"><subfield code="t">Auburn daily advertiser (Auburn, N.Y. : 1846)</subfield><subfield code="w">(DLC)sn 84031359</subfield></datafield><datafield ind1="0" ind2="0" tag="780"><subfield code="t">Auburn journal and advertiser</subfield><subfield code="w">(DLC)sn 87070067</subfield></datafield><datafield ind1="0" ind2="0" tag="785"><subfield code="t">Auburn journal (Auburn, N.Y. : 1859)</subfield><subfield code="w">(DLC)sn 90066084</subfield></datafield><datafield ind1=" " ind2=" " tag="938"><subfield code="a">Kirtas Technologies, Inc.</subfield><subfield code="b">KRTS</subfield><subfield code="n">736936</subfield></datafield></record>